@article{Dirac1953888,
  title   = "The lorentz transformation and absolute time",
  journal = "Physica ",
  volume  = "19",
  number  = "1-–12",
  pages   = "888--896",
  year    = "1953",
  doi     = "10.1016/S0031-8914(53)80099-6",
  author  = "P.A.M. Dirac"
}

@article{Feynman1963118,
  title   = "The theory of a general quantum system interacting with a linear dissipative system",
  journal = "Annals of Physics ",
  volume  = "24",
  pages   = "118--173",
  year    = "1963",
  doi     = "10.1016/0003-4916(63)90068-X",
  author  = "R.P Feynman and F.L {Vernon Jr.}"
}
@book{hllhc,
	author		= "Apollinari, G. and Béjar Alonso, I. and Brüning, O. and Lamont, M. and Rossi, L.",
	title     = "{High-Luminosity Large Hadron Collider (HL-LHC): Preliminary Design Report}",
	publisher = "CERN",
	address   = "Geneva",
	series    = "CERN Yellow Reports: Monographs",
	year      = "2015",
	url       = "https://cds.cern.ch/record/2116337"}

@techreport{auzinger,
	author        = "Auzinger, G.",
	title         = "{Upgrade of the CMS Tracker for the High Luminosity LHC}",
	institution   = "CERN",
	collaboration = "CMS Collaboration",
	address       = "Geneva",
	number        = "CMS-CR-2016-268",
	month         = "Oct",
	year          = "2016",
	reportNumber  = "CMS-CR-2016-268",
	url           = "https://cds.cern.ch/record/2227193",
}

@article {deboer,
	author 		= {de Boer, W. and Bol, J. and Furgeri, A. and Müller, S. and Sander, C. and Berdermann, E. and Pomorski, M. 							and Huhtinen, M.},
	title 		= "{Radiation hardness of diamond and silicon sensors compared}",
	journal 	= {physica status solidi (a)},
	volume 		= {204},
	number 		= {9},
	publisher = {WILEY-VCH Verlag},
	issn 			= {1862-6319},
	url 			= {http://dx.doi.org/10.1002/pssa.200776327},
	doi 			= {10.1002/pssa.200776327},
	pages 		= {3004--3010},
	keywords 	= {29.40.Wk, 42.88.+h, 61.80.−x, 81.05.Uw},
	year 			= {2007},
}

@article{pernegger,

      author        = "Pernegger, H. and Eremin, V. and Frais-Kölbl, H. and

                       Griesmayer, E. and Kagan, H. and Roe, S. and Schnetzer, S. and

                       Stone, R. and Trischuk, W. and Twitchen, D. and Weilhammer,

                       P. and Whitehead, A.",

      title         = "{Charge-carrier properties in synthetic single-crystal

                       diamond measured with the transient-current technique}",

      journal       = "J. Appl. Phys.",

      number        = "7",

      volume        = "97",

      pages         = "73704-1-9",

      year          = "2005",

      url           = "https://cds.cern.ch/record/909063",

}

@phdthesis{zhao,
	author      	= "Zhao, S.",
	title       	= "{Characterization of the electrical properties of polycrystalline diamond films}",
	school      	= "The Ohio State University",
	url         	= "http://wwwlib.umi.com/dissertations/fullcit?p9421043",
	year        	= "1994",
	reportNumber	= "UMI-94-21043",
	SLACcitation	= "%%CITATION = UMI-94-21043;%%"
}

@article{3D,

	title 		= "{A 3D diamond detector for particle tracking}",

	journal 	= "Nuclear Instruments and Methods in Physics Research Section A: Accelerators, Spectrometers, Detectors and Associated Equipment ",

	volume 		= "786",

	pages 		= "97 - 104",

	year 		= "2015",

	issn		 = "0168-9002",

	doi 		= "https://doi.org/10.1016/j.nima.2015.03.033",

	url 		= "http://www.sciencedirect.com/science/article/pii/S0168900215003496",

	author		= "F. Bachmair and L. Bäni and P. Bergonzo and B. Caylar and G. Forcolin and I. Haughton and D. Hits and H. Kagan and R. Kass and L. Li and A. Oh and S. Phan and M. 				   Pomorski and D.S. Smith and V. Tyzhnevyi and R. Wallny and D. Whitehead",

}

@phdthesis{felix,

      author         = "Bachmair, F.C.",

      title          = "{CVD Diamond Sensors In Detectors For High Energy Physics}",

      school         = "Zurich, ETH",

      year           = "2016",

      url            = "https://inspirehep.net/record/1503510/files/CERN-THESIS-2016-163.pdf",

      reportNumber   = "CERN-THESIS-2016-163, 23725",

      SLACcitation   = "%%CITATION = CERN-THESIS-2016-163;%%"

}

@misc{e6,

   key 			= {Element Six Technologies},

   organisation = {Element Six Technologies, Ltd.},

   title		= "{Element Six Technologies}",

   howpublished = {\url{https://e6cvd.com}},

   lastchecked 	= {27.09.2017},

   year 		= 2017

}

@misc{II6,

   key 			= {II-VI Incorporated},

   organisation = {II-VI Incorporated, Ltd.},

   title		= "{II-VI Incorporated}",

   howpublished = {\url{http://www.ii-vi.com}},

   lastchecked 	= {18.09.2017},

   year 		= 2017

}

@misc{pim1,

   key 			= {piM1 beam line},

   organisation = {piM1 beam line},

   title		= "{Pion and electron fluxes in piM1}",

   howpublished = {\url{http://aea.web.psi.ch/beam2lines/pim1c.html}},

   lastchecked 	= {29.12.2015},

   year 		= 2015

}

@misc{hipa,

   key 			= {HIPA},

   organisation = {HIPA},

   title		= "{High Intesity Proton Accelerator at PSI}",

   howpublished = {\url{https://www.psi.ch/rf/hipa}},

   lastchecked 	= {07.11.2017},

   year 		= 2017

}

@article{gorisek,

	title 	= "{ATLAS diamond Beam Condition Monitor}",

	journal = "Nuclear Instruments and Methods in Physics Research Section A: Accelerators, Spectrometers, Detectors and Associated Equipment",

	volume 	= "572",

	number	= "1",

	pages 	= "67 - 69",

	year 	= "2007",

	note 	= "Frontier Detectors for Frontier Physics",

	issn 	= "0168-9002",

	doi 	= "https://doi.org/10.1016/j.nima.2006.10.348",

	url 	= "http://www.sciencedirect.com/science/article/pii/S0168900206019838",

	author 	= "A. Gori{\^s}šek and V. Cindro and I. Dolenc and H. Frais-Kölbl and E. Griesmayer and H. Kagan and S. Korpar and G. Kramberger and I. Mandić and M. Meyer and M. Mikuž and H. Pernegger and S. Smith and W. Trischuk and P. Weilhammer and M. Zavrtanik",

}

@article{bartz,

	title 	= "{The PLT: A Luminosity Monitor for CMS Based on Single-Crystal Diamond Pixel Sensors}",

	journal = "Nuclear Physics B - Proceedings Supplements",

	volume	= "197",

	number 	= "1",

	pages 	= "171 - 174",

	year 	= "2009",

	note 	= "11th Topical Seminar on Innovative Particle and Radiation Detectors (IPRD08)",

	issn 	= "0920-5632",

	doi 	= "https://doi.org/10.1016/j.nuclphysbps.2009.10.060",

	url 	= "http://www.sciencedirect.com/science/article/pii/S0920563209007816",

	author 	= "E. Bartz and J. Doroshenko and V. Halyo and B. Harrop and D.A. Hits and D. Marlow and L. Perera and S. Schnetzer and R. Stone"

}

@INPROCEEDINGS{domke, 

	author		= {M. Domke and C. Ilgner and S. Kostner and M. Lieng and M. Nedos and J. Sauerbrey and S. Schleich and B. Spaan and K. Warda}, 

	booktitle	= {2008 IEEE Nuclear Science Symposium Conference Record}, 

	title		= "{Commissioning of the beam conditions monitor of the LHCb experiment at CERN}", 

	year		= {2008}, 

	pages		= {3306-3307}, 

	keywords	= {Chemical sensors;Colliding beam devices;Condition monitoring;Gaussian processes;Large Hadron Collider;Nuclear and plasma sciences;Particle beam injection;Particle beams;Physics;Sensor systems}, 

	doi			= {10.1109/NSSMIC.2008.4775052}, 

	ISSN		= {1082-3654}, 

	month		= {Oct},

}

@article{dbm,

	author 		= {Cerv, M. and others},

	year 		= {2014},

	month 		= {02},

	pages 		= {C02026},

	title 		= "{The ATLAS diamond beam monitor}",

	volume 		= {9},

	journal 	= {Journal of Instrumentation}

}

@article{malte,

      author        = "Backhaus, M. and others",

      title         = "{Characterization of the FE-I4B pixel readout chip

                       production run for the ATLAS Insertable B-layer upgrade}",

      journal       = "JINST",

      volume        = "8",

      pages         = "C03013",

      month         = "Mar",

      year          = "2013",

      reportNumber  = "AIDA-PUB-2013-020",

      url           = "https://cds.cern.ch/record/1997616",

}

@incollection{kagan,

  author      = "H. Kagan and W. Trischuk",

  title       = "{Radiation Sensors for High Energy Physics Experiments}",

  editor      = "Sussmann, R.S.",

  booktitle   = "{CVD diamond for electronic devices and sensors}",

  publisher   = "John Wiley \& Sons",

  address     = "Chichester",

  year        = "2009",

  pages       = "207-227",

  chapter     = "9",

}

@article{rainer,

      author        = "R. Wallny and others",

      title         = "{Beam test results of the dependence of signal size on

                       incident particle flux in diamond pixel and pad detectors}",

      journal       = "JINST",

      collaboration = "RD42",

      number        = "07",

      volume        = "10",

      pages         = "C07009",

      year          = "2015",

      url           = "https://cds.cern.ch/record/2159123",

}

@thesis{kornmayer,

      author        = "Kornmayer, A. and Müller, T. and Husemann,

                       U.",

      title         = "{Studies on the response behaviour of pixel detector

                       prototypes at high collision rates for the CMS experiment}",

      month         = "Nov",

      year          = "2015",

      reportNumber  = "CERN-THESIS-2015-399",

      url           = "https://cds.cern.ch/record/2264667",

      note          = "Presented 04 Dec 2015",

}

@thesis{hempel,

      author        = "Hempel, M. and Lohmann, W. and Rüdiger, S.",

      title         = "{Application of Diamond Based Beam Loss Monitors at LHC}",

      month         = "May",

      year          = "2013",

      reportNumber  = "CERN-THESIS-2012-307",

      url           = "https://cds.cern.ch/record/1547086",

      note          = "Presented 26 Nov 2012",

}

@article{parker,
	title 	= "{3D - A proposed new architecture for solid-state radiation detectors}",
	journal = "Nuclear Instruments and Methods in Physics Research Section A: Accelerators, Spectrometers, Detectors and Associated Equipment",
	volume 	= "395",
	number 	= "3",
	pages 	= "328 - 343",
	year 		= "1997",
	note 		= "Proceedings of the Third International Workshop on Semiconductor Pixel Detectors for Particles and X-rays",
	issn 		= "0168-9002",
	doi 		= "https://doi.org/10.1016/S0168-9002(97)00694-3",
	url 		= "http://www.sciencedirect.com/science/article/pii/S0168900297006943",
	author 	= "S.I. Parker and C.J. Kenney and J. Segal"
}

@thesis{wen,
	author        = "Tsung, J. and Wermes, N.",
	title         = "{Diamond and Silicon Pixel Detectors in High Radiation Environments}",
	year          = "2012",
	reportNumber  = "CERN-THESIS-2012-302",
	url           = "https://cds.cern.ch/record/1540669",
	note          = "Presented 2012",
}

@article{3dfab,
	title 	= "Femtosecond laser microstructuring in the bulk of diamond",
	journal = "Diamond and Related Materials",
	volume 	= "18",
	number 	= "2",
	pages 	= "196 - 199",
	year 		= "2009",
	note 		= "NDNC 2008 Proceedings of the International Conference on New Diamond and Nano Carbons 2008",
	issn 		= "0925-9635",
	doi 		= "https://doi.org/10.1016/j.diamond.2008.07.014",
	url 		= "http://www.sciencedirect.com/science/article/pii/S0925963508003981",
	author 	= "T.V. Kononenko and M.S. Komlenok and V.P. Pashinin and S.M. Pimenov and V.I. Konov and M. Neff and V. Romano and W. 			 					Lüthy",
	keywords= "Diamond, Femtosecond laser, Graphitization, 3D microstructuring"
}

@article{slm,
	author 	= {Sun,Bangshan  and Salter,Patrick S.  and Booth,Martin J. },
	title 	= {High conductivity micro-wires in diamond following arbitrary paths},
	journal = {Applied Physics Letters},
	volume 	= {105},
	number 	= {23},
	pages 	= {231105},
	year 		= {2014},
	doi 		= {10.1063/1.4902998},
	URL 		= {https://doi.org/10.1063/1.4902998},
	eprint	= {https://doi.org/10.1063/1.4902998}
}

@inproceedings{erratic,
	author 	= {Mikuz, Marko and Cindro, V and Dolenc, I and Kagan, H and Kramberger, G and Frais-Kolbl, H and Gorisek, Andrej and 									Griesmayer, E and Macek, B and Mandic, I and Niegl, M and Pernegger, H and Smith, Dale and Tardif, D and Trischuk, W and 							Weilhammer, Peter and Zavrtanik, Marko},
	year 		= {2008},
	month 	= {02},
	pages 	= {1914 - 1917},
	title 	= {The ATLAS beam conditions monitor},
	volume 	= {3},
	isbn 		= {978-1-4244-0922-8},
	journal = {Journal of Instrumentation},
	doi 		= {10.1109/NSSMIC.2007.4436530}
}

@techreport{fei4,
	author        = "Garcia-Sciveres, M and Arutinov, D and Barbero, M and
										Beccherle, R and Dube, S and Elledge, D and Fleury, J and
										Fougeron, D and Gensolen, F and Gnani, D and Gromov, V and
										Hemperek, T and Karagounis, M and Kluit, R and Kruth, A and
										Mekkaoui, A and Menouni, M and Schipper, J",
	title         = "{The FE-I4 Pixel Readout Integrated Circuit}",
	institution   = "CERN",
	address       = "Geneva",
	number        = "ATL-UPGRADE-PROC-2010-001",
	month         = "Jan",
	year          = "2010",
	reportNumber  = "ATL-UPGRADE-PROC-2010-001",
	url           = "https://cds.cern.ch/record/1231359",
}

@techreport{rd42,
	author        = "Kagan, Harris and Trischuk, William",
	title         = "{Development of Diamond Tracking Detectors for High Luminosity Experiments at the LHC, HL-LHC and 											Beyond}",
	institution   = "CERN",
	address       = "Geneva",
	number        = "CERN-LHCC-2018-015. LHCC-SR-005",
	month         = "May",
	year          = "2018",
	reportNumber  = "CERN-LHCC-2018-015",
	url           = "https://cds.cern.ch/record/2320382",
}

@inproceedings{bcm,
	author 	= {Eusebi, Ricardo and Wallny, Rainer and Tesarek, Richard and Dong, Peter and Sfyrla, Anna and Trischuk, 								William and Schrupp, Charles},
	year 		= {2006},
	month 	= {12},
	pages 	= {709 - 712},
	title 	= {A Diamond-Based Beam Condition Monitor for the CDF Experiment},
	doi			= {10.1109/NSSMIC.2006.355953}
}

@ARTICLE{babar, 
	author	={A. J. {Edwards} and B. {Brau} and M. {Bruinsma} and P. {Burchat} and H. {Kagan} and R. {Kass} and D. 										{Kirkby} and B. A. {Petersen} and M. {Zoeller}}, 
	journal	={IEEE Transactions on Nuclear Science}, 
	title		={Radiation monitoring with diamond sensors in BABAR}, 
	year		={2004}, 
	volume	={51}, 
	number	={4}, 
	pages		={1808-1811}, 
	keywords={silicon radiation detectors;position sensitive particle detectors;radiation monitoring;dosimetry;radiation 							effects;chemical vapour deposition;diamond;magnetic field effects;radiation monitoring;silicon vertex 										tracker;BABAR detector;radiation damage;cumulative dose rate;instantaneous dose rate;silicon p-i-n 												diodes;single-crystal CVD diamond;polycrystalline CVD diamond;chemical vapor deposition;accumulated dose 									monitoring;CVD diamond radiation sensor;/sup 60/Co;magnetic field configuration;dosimetry;Radiation 											monitoring;Silicon;P-i-n diodes;Leakage current;Temperature;Positrons;Electron beams;Chemical vapor 											deposition;Testing;Magnetic sensors}, 
	doi			={10.1109/TNS.2004.832634}, 
	ISSN		={0018-9499}, 
	month		={Aug},
}

@techreport{dbm1,
	author        = "Schaefer, Douglas",
	title         = "{The ATLAS Diamond Beam Monitor: luminosity Detector on
										the LHC}",
	institution   = "CERN",
	address       = "Geneva",
	number        = "ATL-INDET-PROC-2015-009",
	month         = "Jul",
	year          = "2015",
	reportNumber  = "ATL-INDET-PROC-2015-009",
	url           = "https://cds.cern.ch/record/2034225",
}

@article{irrad,
	title 		= "Computational analysis of irradiation facilities at the JSI TRIGA reactor",
	journal 	= "Applied Radiation and Isotopes",
	volume 		= "70",
	number 		= "3",
	pages 		= "483 - 488",
	year 			= "2012",
	issn 			= "0969-8043",
	doi 			= "https://doi.org/10.1016/j.apradiso.2011.11.042",
	url 			= "http://www.sciencedirect.com/science/article/pii/S0969804311005963",
	author	 	= "Luka Snoj and Gašper Žerovnik and Andrej Trkov",
	keywords	= "Research reactor, TRIGA, Irradiation channels, Neutron flux and spectrum",
}
